@inbook{alg_3d_graph,
	language="russian",
	author="Селянкин В.В.",
	title="Алгоритмы трехмерной графкики",
	publisher=" -- ТТИ ЮФУ",
	year="2007. -- 100 c."
}

@inbook{rodz,
	language="russian",
	author="Роджерс Д.",
	title="Алгоритмические основы машинной графики: Пер. с англ.",
	publisher="-- Мир",
	year="1989. -- 512 c."	
}

@inbook{alg_comp_graph,
	language="russian",
	author="Никулин Е.А.",
	title="Компьютерная геометрия и алгоритмы машинной графики",
	publisher="-- БВХ-Петербург",
	year="2003. -- 479 с."
}

@article{fuzzy_refflection,
	language="russian",
	author="Куликова А. С., Дмитриев К. А.",
	title="Визуализация нечетких отражений",
	journal="",
	year="",
	number="",
	pages=""
}

@article{param_classes,
	language="russian",
	author="Волкова Л. Л., Строганов Ю. В.",
	title="Об ассоциативных бинарных мерах близости документов: классификация и приложение кластеризации",
	journal="Новые информационные технологии в автоматизированных системах",
	year=2014,
	pages="421--432"
}

@article{trumbor,
	language="english",
	author="T. Möller, B. F. Trumboree",
	title="Minimum Storage Ray/Triangle Intersection",
	journal="Journal of Graphics Tools",
	year=1972,
	volume=2,
	number=1,
	pages="21--28"
}

@misc{compromise,
	title="Метод справедливого компромисса для решения зада многокритериальной оптимизации [Электронный ресурс]",
	howpublished="Режим доступа: \url{http://bigor.bmstu.ru/?cnt/?doc=MO/ch1104.mod/?cou=MO/base.cou} (дата обращения: 23.01.2022)"
}

@misc{intel,
	title="Процессор Intel Core i5-1135G7 [Электронный ресурс]",
	howpublished="Режим доступа: \url{https://www.intel.ru/content/www/ru/ru/products/sku/208658/intel-core-i51135g7-processor-8m-cache-up-to-4-20-ghz/specifications.html} (дата обращения: 27.01.2022)"
}

@misc{ubuntu,
	title="Ubuntu 20.04 LTS [Электронный ресурс]",
	howpublished="Режим доступа: \url{https://releases.ubuntu.com/20.04/} (дата обращения: 27.01.2022)"
}

@misc{std_thread,
	title="C++ std::thread [Электронный ресурс]",
	howpublished="Режим доступа: \url{https://en.cppreference.com/w/cpp/thread/thread} (дата обращения: 12.01.2022)"
}

